@book{proPyDeb,
  title={{Pro Python Best Practices Debugging, Testing and Maintenance}},
  author={Kristian Rother},
  isbn={9781484222409},
  year={2017}
}

@misc{excDocPyt,
title = {{Built-in Exceptions}},
note = {on-line at: \url{https://docs.python.org/3/library/exceptions.html}}
}

@misc{logDocPyt,
title = {{Logging in Python}},
note = {on-line at: \url{https://docs.python.org/3/library/logging.html}}
}

@misc{ppDocPyt,
title = {{Pretty Printing}},
note = {on-line at: \url{https://docs.python.org/3/library/pprint.html}}
}


@article{artikal,
title = {{Artikal}}
}

